@misc{kezdugdale2015a,
  author = {kezdugdale},
  date = {01/10/2015},
  title = {Don't panic @[redacted unverified account] - all is well’. Tweet on Twitter, 01/10/2015},
  note = {Accessed 07/07/2023]. Available at:},
  url = {https://twitter.com/kezdugdale/status/649602463327211520},
  language = {en},
  type = {[Online]}
}
@misc{alexander2022a,
  author = {Alexander, W.},
  date = {2022},
  title = {Ask the OEDI: Hispanic, Latino, Latina, Latinx - Which is Best?},
  note = {Accessed 07/07/2023]. Available at:},
  url = {https://medschool.duke.edu/blog/ask-oedi-hispanic-latino-latina-latinx-which-best},
  language = {en},
  type = {[Online]}
}
@webpage{auguie2022a,
  author = {Auguie, B.},
  date = {2022},
  type = {gridExtra. R package version 2.3. https://cran.r-project.org/web/packages/gridExtra/index.html}
}
@article{bast2021a,
  author = {Bast, J.},
  date = {2021},
  title = {Politicians, Parties, and Government Representatives on Instagram: A Review of Research Approaches, Usage Patterns, and Effects’},
  volume = {9},
  pages = {193 –24 6},
  url = {https://doi.org/10.12840/ISSN.2255-4165.032},
  doi = {10.12840/ISSN.2255-4165.032},
  language = {en},
  journal = {Review of Communication Research}
}
@article{bezemer2011a,
  author = {Bezemer, J. and Mavers, D.},
  date = {2011},
  title = {Multimodal transcription as academic practice: a social semiotic perspective’, International},
  doi = {10.1080/13645579.2011.563616},
  language = {en},
  journal = {Journal of Social Research Methodology, 14:3, 191-206}
}
@book{bourdieu1984a,
  author = {Bourdieu, P.},
  date = {1984},
  title = {Distinction: a social critique of the judgement of taste},
  publisher = {Routledge, Taylor & Francis Group},
  language = {fr},
  address = {London}
}
@misc{cafolla2022a,
  author = {Cafolla, A.},
  date = {2022},
  title = {What does ‘hyperpop' mean in 2022?},
  note = {Accessed 07/07/2023]. Available at:},
  url = {https://www.rollingstone.co.uk/music/features/what-does-hyperpop-mean-in-2022-23808/},
  language = {en},
  type = {[Online]}
}
@article{colvin2023a,
  author = {Colvin, J. and Seewer, J.},
  date = {2023},
  title = {Trump criticizes federal response to Ohio train derailment’},
  note = {Online] [Accessed 07/07/2023].},
  url = {https://apnews.com/article/politics-palestinian-territories-florida-donald-trump-ohio-a2d75b1403daa5b3b02a6f0ff1258f10},
  language = {pt},
  journal = {AP News}
}
@article{cowan2014a,
  author = {Cowan, K.},
  date = {2014},
  title = {Multimodal transcription of video: examining interaction in Early Years classrooms’},
  volume = {5},
  pages = {6–21,},
  doi = {10.1080/19463014.2013.859846},
  language = {en},
  journal = {Classroom Discourse},
  number = {1}
}
@misc{mail2014a,
  author = {Mail, Daily},
  date = {2014},
  title = {That's how you do it Ed! Farage shows Labour leader how to eat a bacon buttie as he campaigns for by-election’},
  publisher = {Daily Mail},
  url = {https://www.dailymail.co.uk/news/article-2778886/That-s-Ed-Farage-shows-Labour-leader-eat-bacon-buttie-campaigns-election.html},
  note = {Author’s Note: video in article stopped working during writing, see YouTube video},
  language = {en}
}
@article{demuru2021a,
  author = {Demuru, P.},
  date = {2021},
  title = {Gastropopulism: a sociosemiotic analysis of politicians posing as “the everyday man” via food posts on social media’},
  volume = {31},
  pages = {507– 527,},
  doi = {10.1080/10350330.2021.1930800},
  language = {pt},
  journal = {Social Semiotics},
  number = {3}
}
@article{desus2020a,
  author = {Desus and Mero},
  date = {2020},
  title = {AOC Goes Back to Bartending in the Bronx DESUS & MERO SHOWTIME’},
  note = {Online] [Accessed 07/07/2023]. Available at:},
  url = {https://www.youtube.com/watch?v=Vrvr89Z6fEw},
  language = {en},
  journal = {YouTube video}
}
@incollection{diehl2017a,
  author = {Diehl, P.},
  date = {2017},
  title = {The body in populism’},
  doi = {10.5771/9783845271491-361.},
  language = {en},
  booktitle = {Political Populism: A Handbook}
}
@misc{e-a,
  author = {E.L.A.N.},
  date = {Version 6.6},
  note = {Computer software].},
  publisher = {Max Planck Institute for Psycholinguistics, The Language Archive},
  language = {en},
  address = {Nijmegen}
}
@article{english2019a,
  author = {English, O.},
  date = {2019},
  title = {What is Nigel Farage’s New Brexit Party?’},
  note = {Online] [Accessed 07/07/2023]. Available at:},
  url = {https://bylinetimes.com/2019/02/11/so-who-is-mr-farages-new-boss-and-what-is-the-brexit-party/},
  language = {en},
  journal = {Byline Times}
}
@article{font2021a,
  author = {Font, N. and Graziano, P. and Tsakatika, M.},
  date = {2021},
  title = {Varieties of Inclusionary Populism? SYRIZA, Podemos and the Five Star Movement’. Government and Opposition},
  volume = {56},
  pages = {163–183},
  doi = {10.1017/gov.2019.17.},
  language = {en},
  journal = {Cambridge University Press},
  number = {1}
}
@article{fryar2018a,
  author = {Fryar, C.D. and Hughes, J.P. and Herrick, K.A. and Ahluwalia, N.},
  date = {2018},
  title = {Fast food consumption among adults in the United States, 2013–2016’},
  volume = {},
  publisher = {National Center for Health Statistics},
  language = {en},
  journal = {NCHS Data Brief},
  number = {322},
  address = {Hyattsville, MD}
}
@article{garc2020a,
  author = {García-Santamaría, S.},
  date = {2020},
  title = {The Italian ‘Taste’: The Far-Right and the Performance of Exclusionary Populism During the European Elections’},
  volume = {49},
  pages = {129– 149},
  url = {https://doi.org/10.51698/tripodos.2020.49p129-149},
  doi = {10.51698/tripodos.2020.49p129-149},
  language = {en},
  journal = {Tripodos}
}
@article{garc2021a,
  author = {García-Santamaría, S.},
  date = {2021},
  title = {Politicians ‘Stay Home’: Left-Wing Populism and Performances of the Intimate Self on Social Media During the COVID-19 Pandemic’},
  volume = {14},
  pages = {28–50},
  doi = {10.31165/nk.2021.141.638.},
  language = {en},
  journal = {Networking Knowledge: Journal of the MeCCSA Postgraduate Network},
  number = {1}
}
@book{goffman1959a,
  author = {Goffman, E.},
  date = {1959},
  title = {presentation of self in everyday life (1st Anchor books},
  publisher = {Anchor Books},
  language = {en}
}
@incollection{hai-jew2022a,
  author = {Hai-Jew, S.},
  date = {2022},
  title = {Performative Eating as Edutainment on YouTube: Extracting Positive and Negative Learning},
  pages = {266–297},
  note = {DOI:},
  url = {https://doi-org.ezproxy.lib.gla.ac.uk/10.4018/978-1-7998-6496-7.ch008},
  language = {en},
  booktitle = {Practical Peer-to-Peer Teaching and Learning on the Social Web, IGI Global}
}
@article{haltiwanger2019a,
  author = {Haltiwanger, J.},
  date = {2019},
  title = {12 vintage commercials that reveal who Trump was before he became president},
  note = {Online] [Accessed 07/07/2023]. Available at:},
  url = {https://www.businessinsider.com/commercials-donald-trump-starred-in-before-he-was-president-2019-5?r=US&IR=T},
  language = {en},
  journal = {Business Insider}
}
@misc{hart2022a,
  author = {Hart, C. and Winter, B.},
  date = {2022},
  title = {Gesture and legitimation in the anti-immigration discourse of Nigel Farage’. Discourse & Society, 33(1},
  doi = {10.1177/09579265211048560},
  language = {en}
}
@misc{hattenstone2015a,
  author = {Hattenstone, S.},
  date = {2015},
  title = {Jeremy Corbyn: ‘I don’t do personal’. The Guardian: G2 Interview, 17/06/2015},
  note = {Accessed 07/07/2023]. Available at:},
  url = {https://www.theguardian.com/politics/2015/jun/17/jeremy-corbyn-labour-leadership-dont-do-personal},
  language = {en},
  type = {[Online]}
}
@article{he2020a,
  author = {He, G.},
  date = {2020},
  title = {The Diner That Every Future President Must Visit’},
  note = {Online] [Accessed 07/07/2023]. Available at:},
  url = {https://www.eater.com/2020/1/30/21111882/red-arrow-diner-campaign-trail-restaurant-new-hampshire},
  language = {en},
  journal = {Eater}
}
@article{hopster2021a,
  author = {Hopster, J.},
  date = {2021},
  title = {Mutual affordances: the dynamics between social media and populism’},
  volume = {43},
  pages = {551–560},
  url = {https://doi-org.ezproxy.lib.gla.ac.uk/10.1177/0163443720957889},
  language = {en},
  journal = {Media, Culture & Society},
  number = {3}
}
@misc{hoss-a,
  author = {Hoss, O.},
  date = {XXXX},
  title = {Comparing Old World Wine vs. New World Wine},
  note = {Accessed 07/07/2023]. Available at:},
  url = {https://winelovermagazine.com/blog/comparing-old-world-wine-vs-new-world-wine/},
  language = {en},
  type = {[Online]}
}
@article{hunger2022a,
  author = {Hunger, S. and Paxton, F.},
  date = {2022},
  title = {What's in a buzzword? A systematic review of the state of populism research in political science,’. Political},
  volume = {10},
  pages = {617–633},
  doi = {10.1017/psrm.2021.44.},
  language = {en},
  journal = {Science Research and Methods. Cambridge University Press},
  number = {3}
}
@misc{hvitfeldt2022a,
  author = {Hvitfeldt, E.},
  date = {2022},
  title = {'emoji: Data and Function to Work with Emojis'. R package version 15.0},
  note = {Available at:},
  url = {https://github.com/EmilHvitfeldt/emoji},
  language = {en},
  type = {[Online]}
}
@misc{jayne2008a,
  author = {Jayne, M. and Valentine, G. and Holloway, S.L.},
  date = {2008},
  title = {Fluid Boundaries—British Binge Drinking and European Civility: Alcohol and the Production and Consumption of Public Space’, Space and Polity, 12:1, 81-100, DOI: 10.1080/13562570801969473},
  language = {en}
}
@article{kiger2020a,
  author = {Kiger, M.E. and Varpio, L.},
  date = {2020},
  title = {Thematic analysis of qualitative data},
  volume = {42},
  pages = {846–854},
  url = {https://doi.org/10.1080/0142159x.2020.1755030},
  doi = {10.1080/0142159x.2020.1755030},
  language = {en},
  journal = {AMEE Guide},
  number = {8}
}
@misc{knowyourmemecom2021a,
  author = {knowyourmemecom},
  date = {2021},
  title = {Reaction Images},
  note = {Available at:},
  url = {https://knowyourmeme.com/memes/reaction-images},
  language = {en},
  type = {[Online]}
}
@incollection{kress2011a,
  author = {Kress, G.},
  date = {2011},
  title = {Multimodal discourse analysis’},
  editor = {Gee, James Paul and Handford, Michael},
  publisher = {Routledge},
  language = {en},
  booktitle = {The Routledge Handbook of Discourse Analysis},
  address = {Abingdon}
}
@book{kress2020a,
  author = {Kress, G. and Leeuwen, T.V.},
  date = {2020},
  title = { 'Reading images: The grammar of visual design'},
  publisher = {Taylor & Francis Group. IBSN},
  pages = {9781000207873},
  language = {en}
}
@incollection{lyngs2019a,
  author = {Lyngs, U.},
  date = {2019},
  title = {Oxforddown: An Oxford University thesis template for R markdown’},
  doi = {10.5281/zenodo.3484682},
  language = {en},
  booktitle = {GitHub repository. https://github.com/ulyngs/oxforddown}
}
@misc{marwick2010a,
  author = {Marwick, A.E. and boyd, d},
  date = {2010},
  title = {I tweet honestly, I tweet passionately: Twitter users, context collapse, and the imagined audience’. New Media & Society, 13(1},
  doi = {10.1177/1461444810365313},
  language = {en}
}
@misc{mcdonnell2019a,
  author = {McDonnell, A. and Wheeler, M.},
  date = {2019},
  title = {@realDonaldTrump: political celebrity, authenticity, and para-social engagement on Twitter’. Celebrity Studies, 10(3},
  pages = {427–431},
  url = {https://doi.org/10.1080/19392397.2019.1630157},
  doi = {10.1080/19392397.2019.1630157},
  language = {it}
}
@misc{meta2021a,
  author = {Meta},
  date = {2021},
  title = {Our Response to the Violence in Washington’},
  language = {en},
  address = {Meta},
  url = {https://about.fb.com/news/2021/01/responding-to-the-violence-in-washington-dc/}
}
@misc{merriam-webstercom2023a,
  author = {merriam-webstercom},
  date = {2023},
  title = {Wordplay: Let’s Talk ‘Tea’},
  note = {Accessed 07/07/2023]. Available at:},
  url = {https://www.merriam-webster.com/wordplay/tea-slang-meaning-origin},
  language = {en},
  type = {[Online]}
}
@article{mielke2016a,
  author = {Mielke, B.},
  date = {2016},
  title = {Donald Trump Gets Heckled at New Hampshire Diner: 'Enjoy Your Burger, Racist!’’},
  note = {Online] [Accessed 07/07/2023]. Available at:},
  url = {https://abcnews.go.com/Politics/donald-trump-heckled-hampshire-diner-enjoy-burger-racist/story?id=36218722},
  language = {en},
  journal = {ABC News}
}
@article{mitchell2015a,
  author = {Mitchell, J.},
  date = {2015},
  title = {Sea Change in Scotland’},
  volume = {68},
  url = {https://doi.org/10.1093/pa/gsv029},
  doi = {10.1093/pa/gsv029},
  language = {en},
  journal = {Parliamentary Affairs},
  number = {ue suppl_1},
  type = {Pages 88–100,}
}
@misc{moffitt2016a,
  author = {Moffitt, B.},
  date = {2016},
  title = {'Understanding Contemporary Populism: Populism as a Political Style', The Global Rise of Populism: Performance, Political Style, and Representation},
  edition = {online edn},
  url = {https://doi.org/10.11126/stanford/9780804796132.003.0003.},
  publisher = {BOOK OR CHAPTER?},
  doi = {10.11126/stanford/9780804796132.003.0003.},
  language = {en},
  type = {Stanford Scholarship Online,},
  address = {Redwood City, CA}
}
@article{murphy2016a,
  author = {Murphy, N.},
  date = {2016},
  title = {Hispanic voters increasingly influential in U.S. presidential elections, Stanford expert says},
  note = {Online] [Accessed 08/08/2023]. Available at:},
  url = {https://news.stanford.edu/2016/09/09/hispanic-voters-increasingly-influential-presidential-elections/},
  language = {en},
  journal = {Stanford News}
}
@misc{norris2004a,
  author = {Norris, S.},
  date = {2004},
  title = {Analyzing Multimodal Interaction: A Methodological Framework},
  doi = {10.4324/9780203379493.},
  language = {en}
}
@misc{norris2009a,
  author = {Norris, S.},
  date = {2009},
  title = {Tempo, Auftakt, levels of actions, and practice: Rhythm in ordinary interactions. Journal of Applied Linguistics and Professional Practice, 6(3},
  pages = {333–356},
  url = {https://doi.org/10.1558/japl.v6i3.333},
  doi = {10.1558/japl.v6i3.333},
  language = {en}
}
@misc{ocasio-cortezhousegov-a,
  author = {ocasio-cortezhousegov},
  date = {XXXX},
  title = {Our District},
  note = {Accessed 08/08/2023]. Available at:},
  url = {https://ocasio-cortez.house.gov/about/our-district#:~:text=New%20York's%2014th%20District%20represents,of%20the%20Bronx%20and%20Queens.},
  language = {en},
  type = {[Online]}
}
@article{oprysko2019a,
  author = {Oprysko, C.},
  date = {2019},
  title = {Trump once again fetes football champ with fast food},
  note = {Online] [Accessed 19/07/2023]. Available at:},
  url = {https://www.politico.com/story/2019/03/04/trump-football-fast-food-1201977},
  language = {en},
  journal = {Politico}
}
@article{parker2016a,
  author = {Parker, A.},
  date = {2016},
  title = {Donald Trump’s ‘Taco Bowl’ Message: ‘I Love Hispanics’},
  note = {Online] [Accessed 19/07/2023]. Available at:},
  url = {https://archive.nytimes.com/www.nytimes.com/politics/first-draft/2016/05/05/donald-trump-taco-bowl/},
  language = {en},
  journal = {New York Times}
}
@misc{peels2019a,
  author = {Peels, R.},
  date = {2019},
  title = {Replicability and replication in the humanities’. Research Integrity and Peer Review, 4},
  pages = {2},
  url = {https://doi.org/10.1186/s41073-018-0060-4},
  doi = {10.1186/s41073-018-0060-4},
  language = {en}
}
@article{quinn2016a,
  author = {Quinn, T.},
  date = {2016},
  title = {The British Labour Party’s leadership election of 2015},
  source = { 18(4), 759–778. https://doi.org/10.1177/1369148116664268},
  language = {en},
  journal = {The British Journal of Politics and International Relations}
}
@misc{raabe2022a,
  author = {Raabe, S.},
  date = {2022},
  title = {Pretty Timelines in R. R package version 1.2.3. [Online},
  note = {Accessed 19/07/2023]. Available at:},
  url = {https://shosaco.github.io/vistime/},
  language = {en}
}
@article{rasulo2020a,
  author = {Rasulo, M.},
  date = {2020},
  title = {“Experience Doesn’t Pay the Bills”. Exploring the Identity-Populism Nexus in Alexandria Ocasio-Cortez’s Political Activism’},
  volume = {15},
  pages = {119–147},
  language = {en},
  journal = {Iperstoria},
  number = {1}
}
@misc{diner2016a,
  author = {Red Arrow Diner},
  date = {2016},
  title = {Trump Tower Burger in the Making},
  note = {Online] [Accessed 07/07/2023]. Available at:},
  url = {https://www.redarrowdiner.com/videos/trump-tower-burger-making/},
  language = {en}
}
@misc{diner2023a,
  author = {Red Arrow Diner},
  date = {2023},
  title = {Full Menu},
  note = {Accessed 07/07/2023]. Available at:},
  url = {https://www.redarrowdiner.com/menu/},
  language = {fr},
  type = {[Online]}
}
@misc{diner2023b,
  author = {Red Arrow Diner},
  date = {2023},
  title = {Red Arrow Diner Manchester Hosts Donald Trump in New Hampshire, 27/04/2023},
  note = {Accessed 07/07/2023]. Available at:},
  url = {https://www.redarrowdiner.com/famous-guests/donald-trump-in-new-hampshire-at-red-arrow-diner-manchester-after-2024-presidential-campaign-event/?utm_source=rss&utm_medium=rss&utm_campaign=donald-trump-in-new-hampshire-at-red-arrow-diner-manchester-after-2024-presidential-campaign-event},
  language = {en},
  type = {[Online]}
}
@article{relman2019a,
  author = {Relman, E.},
  date = {2019},
  title = {Alexandria Ocasio-Cortez says she is 'proud' of her past after Trump dismissed her as a 'young bartender’’},
  note = {Online] [Accessed 07/07/2023]. Available at:},
  url = {https://www.businessinsider.com/alexandria-ocasio-cortez-defends-job-after-trump-calls-her-young-bartender-2019-4?r=US&IR=T},
  language = {en},
  journal = {Business Insider}
}
@article{robertson2021a,
  author = {Robertson, D.},
  date = {2021},
  title = {How ‘Stan’ Culture Infiltrated Politics’},
  note = {Online] [Accessed 07/07/2023]. Available at:},
  url = {https://www.politico.com/news/magazine/2021/08/15/stan-cuomosexual-yanggang-harris-khive-504436},
  language = {it},
  journal = {POLITICO Magazine}
}
@article{ross2015a,
  author = {Ross, J.},
  date = {2015},
  title = {We Got Jeremy Corbyn To Drink Irn-Bru On His Trip To Scotland’},
  note = {Online] [Accessed 07/07/2023]. Available at:},
  url = {https://www.buzzfeed.com/jamieross/jeremy-corb-irn},
  language = {en},
  journal = {Buzzfeed News}
}
@article{ruck2014a,
  author = {Ruck, J.},
  date = {2014},
  title = {Nigel Farage shows Ed Miliband how to eat a bacon sandwich},
  note = {Online] [Accessed 08/08/2023]. Available at:},
  url = {https://www.theguardian.com/politics/2014/oct/02/nigel-farage-shows-ed-miliband-how-to-eat-a-bacon-sandwich},
  language = {en},
  journal = {The Guardian}
}
@article{ruediger2021a,
  author = {Rüdiger, S.},
  date = {2021},
  title = {Intimate consumptions: YouTube eating shows and the performance of informality},
  volume = {5},
  doi = {10.1075/ip.00070.rud},
  language = {en},
  journal = {Internet Pragmatics}
}
@article{selwyn2014a,
  author = {Selwyn, J.},
  date = {2014},
  title = {In pictures: Jeremy Selwyn},
  note = {Online] [Accessed 08/08/2023]. Available at:},
  url = {https://www.bbc.co.uk/news/av/in-pictures-30548050},
  language = {en},
  journal = {BBC News}
}
@misc{sievert2020a,
  author = {Sievert, C.},
  date = {2020},
  title = {'Plotly For R'. R package version 4.10.2},
  note = {Available at: https://plotly-r.com},
  language = {en},
  type = {[Online]}
}
@misc{sjoberg2021a,
  author = {Sjoberg, D.},
  date = {2021},
  title = {gtsummary. R package version 1.7.2},
  note = {Available at:},
  url = {https://www.danieldsjoberg.com/gtsummary/index.html},
  language = {en},
  type = {[Online]}
}
@article{james2015a,
  author = {James, E.},
  date = {2015},
  title = {NBC fired Donald Trump for calling Mexican immigrants “rapists”},
  note = {Online] [Accessed 07/07/2023]. Available at:},
  url = {https://www.vox.com/2015/6/29/8863309/donald-trump-nbc-fired-apprentice-miss-usa},
  language = {en},
  journal = {Vox}
}
@incollection{stano2015a,
  author = {Stano, S.},
  date = {2015},
  title = {Semiotics of Food},
  editor = {Trifonas, P.},
  publisher = {Springer},
  url = {https://doi.org/10.1007/978-94-017-9404-6_30},
  doi = {10.1007/978-94-017-9404-6_30},
  language = {en},
  booktitle = {International Handbook of Semiotics},
  address = {Dordrecht}
}
@article{starita2022a,
  author = {Starita, G.D.},
  date = {2022},
  title = {Place Branding in the Gastro-populist Age. Navigating through Giorgia Meloni and Matteo Salvini’s Exploitation of the Symbolic Nature of Food},
  volume = {13},
  pages = {83–98},
  doi = {10.6093/2723-9608/9261.},
  language = {pt},
  journal = {Fuori Luogo, Rivista di Sociologia del Territorio, Turismo, Tecnologia},
  number = {3}
}
@misc{starita2022b,
  author = {Starita, G.D. and Trillò, T.},
  date = {2022},
  title = { ‘“Happy Monday friends! Coffee?” Matteo Salvini, good morning selfies, and the influencer politician’},
  journal = {Contemporary Italian Politics, 14:3, 331-351},
  doi = {10.1080/23248823.2021.2005339},
  language = {it}
}
@article{street2019a,
  author = {Street, J.},
  date = {2019},
  title = {What is Donald Trump? Forms of ‘Celebrity’ in Celebrity Politics},
  doi = {10.1177/1478929918772995},
  language = {en},
  journal = {Political Studies Review, 17(1}
}
@misc{swinford2017a,
  author = {Swinford, S.},
  date = {2017},
  title = {Nigel Farage hints at return to politics after a disastrous night for UKIP},
  publisher = {The Telegraph},
  note = {Online] [Accessed 07/07/2023]. Available at:},
  url = {https://www.telegraph.co.uk/news/2017/06/09/nigel-farage-hints-return-politics-fearing-labour-led-coalition/},
  language = {en}
}
@article{guardian2023a,
  author = {Guardian, The},
  date = {2023},
  title = {Trump offers ‘food for everyone’ at restaurant – then leaves without paying},
  note = {Online] [Accessed 07/07/2023]. Available at:},
  url = {https://www.theguardian.com/us-news/2023/jun/15/donald-trump-miami-versailles-cuban-restaurant-pay},
  language = {en},
  journal = {The Guardian}
}
@article{thomas2016a,
  author = {Thomas, N.},
  date = {2016},
  title = {Nigel Farage resigns as UKIP leader},
  note = {Online] [Accessed 07/07/2023]. Available at:},
  url = {https://www.ft.com/content/c5903e01-719a-300a-994b-daa28cc2431e},
  language = {it},
  journal = {Financial Times}
}
@misc{tindall2022a,
  author = {Tindall, C.},
  date = {2022},
  title = { ‘Populism, culture and class: articulation and performance in contemporary British populism’, Contemporary Politics, 28:2, 121-143, DOI: 10.1080/13569775.2021.1953766},
  language = {en}
}
@article{torraco2005a,
  author = {Torraco, R.J.},
  date = {2005},
  doi = {10.1177/1534484305278283},
  language = {en},
  journal = {‘Writing Integrative Literature Reviews: Guidelines and Examples’. Human Resource Development Review, 4(3}
}
@article{walker2021a,
  author = {Walker, P.},
  date = {2021},
  title = { ‘Nigel Farage quits as Reform UK leader in step back from party politics’},
  note = {Online] [Accessed 07/07/2023]. Available at:},
  url = {https://www.theguardian.com/politics/2021/mar/07/nigel-farage-quits-as-reform-uk-leader-in-step-back-from-party-politics},
  language = {en},
  journal = {The Guardian}
}
@book{wang2019a,
  author = {Wang, V.},
  date = {01/06/2019},
  title = {Ocasio-Cortez Went Back to Bartending, Slogans Were Served},
  url = {https://www.nytimes.com/2019/05/31/nyregion/aoc-bartender-alexandria-ocasio-cortez.html#:~:text=The%20congresswoman%2C%20who%20has%20often,pay%20for%20tipped%2Dwage%20workers.&text=Officially%2C%20Representative%20Alexandria%20Ocasio%2DCortez's,pay%20for%20tipped%2Dwage%20workers},
  language = {en},
  journal = {The New York Times}
}
@misc{company2023a,
  author = {Company, Workers Beer},
  date = {2023},
  title = {Glastonbury Volunteers},
  note = {Accessed 26/06/2023]. Available at:},
  url = {https://www.workersbeer.co.uk/about/},
  language = {en},
  type = {[Online]}
}
@incollection{xie2023a,
  author = {Xie, Y.},
  date = {2023},
  title = {'knitr: A General-Purpose Package for Dynamic Report Generation in R'},
  language = {en},
  booktitle = {R package version 1.43, https://yihui.org/knitr/}
}
@article{zummo2020a,
  author = {Zummo, M.},
  date = {2020},
  title = {Performing Authenticity on a Digital Political Stage Politainment as Interactive Practice and (Populist?) Performance},
  volume = {15},
  pages = {10 13136 2281–4582 2020 15 589},
  language = {en},
  journal = {Iperstoria}
}
